% Encoding: UTF-8

@Article{boyce1992,
  author  = {Boyce, M.S.},
  journal = {Annual Review of Ecology and Systematics},
  title   = {Population Viability Analysis},
  year    = {1992},
  number  = {1},
  pages   = {481-497},
  volume  = {23},
}

@Misc{Gbif2020,
  author       = {GBIF},
  howpublished = {https://www.gbif.org/},
  title        = {\textit{Nestor notabilis} Occurrence},
  year         = {2020},
  doi          = {10.15468/DL.6TOGPC},
  keywords     = {GBIF, biodiversity, species occurrences},
  publisher    = {The Global Biodiversity Information Facility},
}

@Book{higgins1999,
  author    = {Higgins, PJ},
  publisher = {Oxford University Press},
  title     = {Handbook of Australian, New Zealand \& Antarctic Birds. Vol. 4, Parrots to Dollarbird},
  year      = {1999},
}

@Book{robertson2007,
  author    = {Robertson, CJR},
  publisher = {Ornithological Society of New Zealand},
  title     = {Atlas of bird distribution in New Zealand 1999-2004},
  year      = {2007},
}

@Article{anderson1986,
  author  = {Anderson, R.},
  title   = {Keas for keeps},
  journal = {Forest and Bird},
  year    = {1986},
  volume  = {17},
  number  = {1},
  pages   = {2--5},
}

@Article{orrWalker2009,
  author  = {Orr-Walker, T. and Roberts, L.},
  title   = {Population estimations of wild Kea (Nestor notabilis)},
  journal = {Kea Conservation Trust},
  year    = {2009},
}

@Article{brouwer2000,
  author    = {Brouwer, K. and Jones, M.L. and King, C.E. and Schifter, H.},
  title     = {Longevity records for Psittaciformes in captivity},
  journal   = {International Zoo Yearbook},
  year      = {2000},
  volume    = {37},
  number    = {1},
  pages     = {299--316},
  publisher = {Wiley Online Library},
}

@Article{bond1991,
  author    = {Bond, A.B. and Wilson, K.J. and Diamond, J.},
  title     = {Sexual dimorphism in the kea Nestor notabilis},
  journal   = {Emu},
  year      = {1991},
  volume    = {91},
  number    = {1},
  pages     = {12--19},
  publisher = {CSIRO},
}

@Article{mccaskill1954,
  author    = {McCaskill, M.},
  title     = {The Poutini Coast: a geography of Maori settlement in Westland},
  journal   = {New Zealand Geographer},
  year      = {1954},
  volume    = {10},
  number    = {2},
  pages     = {134--150},
  publisher = {Wiley Online Library},
}

@Article{jackson1963,
  author  = {Jackson, JR},
  journal = {Notornis},
  title   = {The nesting of keas},
  year    = {1963},
  number  = {8},
  volume  = {10},
}

@Book{orrWalker2010,
  title     = {Kea (Nestor notabilis) husbandry manual},
  publisher = {Kea Conservation Trust},
  year      = {2010},
  author    = {Orr-Walker, T.},
}

@Article{ferson1995,
  author  = {Scott Ferson and Mark A. Burgman},
  journal = {Biological Conservation},
  title   = {Correlations, dependency bounds and extinction risks},
  year    = {1995},
  issn    = {0006-3207},
  number  = {2},
  pages   = {101 - 105},
  volume  = {73},
}

@Article{ellner2002,
  author  = {Ellner, Stephen P. and Fieberg, John and Ludwig, Donald and Wilcox, Chris},
  journal = {Conservation Biology},
  title   = {Precision of Population Viability Analysis},
  year    = {2002},
  number  = {1},
  pages   = {258-261},
  volume  = {16},
}

@Manual{R2020,
  title        = {R: A Language and Environment for Statistical Computing},
  address      = {Vienna, Austria},
  author       = {{R Core Team}},
  organization = {R Foundation for Statistical Computing},
  year         = {2019},
}

@Article{soetaert2010,
  author  = {Karline Soetaert and Thomas Petzoldt and R. Setzer},
  journal = {Journal of Statistical Software, Articles},
  title   = {Solving Differential Equations in R: Package deSolve},
  year    = {2010},
  number  = {9},
  pages   = {1--25},
  volume  = {33},
}

@Book{pullar1996,
  title     = {Kea (\emph{Nestor notabilis}) captive management plan and husbandry manual},
  publisher = {Department of Conservation, Threatened Species Unit},
  year      = {1996},
  author    = {Pullar, Tony},
}

@Article{bond1992,
  author  = {Bond, Alan B and Diamond, Judy},
  journal = {Notornis},
  title   = {Population estimates of kea in Arthur's Pass National Park},
  year    = {1992},
  pages   = {151--160},
  volume  = {39},
}

@TechReport{DOC2007,
  author      = {DOC},
  title       = {Arthur's Pass National Park management plan},
  institution = {Department of Conservation},
  year        = {2007},
}

@Article{ogden1996,
  author    = {Ogden, J and Stewart, GH and Allen, RB},
  title     = {Ecology of New Zealand Nothofagus forests},
  journal   = {The ecology and biogeography of Nothofagus forests},
  year      = {1996},
  pages     = {25--82},
  publisher = {Yale University Press New Haven},
}

@Article{elliott1996,
  author    = {Elliott, G P},
  journal   = {New Zealand Journal of Zoology},
  title     = {Mohua and stoats: a population viability analysis},
  year      = {1996},
  number    = {3},
  pages     = {239--247},
  volume    = {23},
  publisher = {Taylor \& Francis},
}

@Article{choquenot2006,
  author    = {Choquenot, David},
  title     = {Bioeconomic modeling in conservation pest management: Effect of stoat control on extinction risk of an indigenous New Zealand passerine, Mohua ochrocephala},
  journal   = {Conservation Biology},
  year      = {2006},
  volume    = {20},
  number    = {2},
  pages     = {480--489},
  publisher = {Wiley Online Library},
}

@Book{morris2002,
  title     = {Quantitative conservation biology: Theory and practice of population viability analysis},
  publisher = {Sinauer Associates, Inc. Publishers},
  year      = {2002},
  author    = {Morris, William F and Doak, Daniel F},
  journal   = {Sinauer, Sunderland, Massachusetts, USA},
}

@Article{mace1991,
  author    = {Mace, Georgina M and Lande, Russell},
  title     = {Assessing extinction threats: toward a reevaluation of IUCN threatened species categories},
  journal   = {Conservation biology},
  year      = {1991},
  volume    = {5},
  number    = {2},
  pages     = {148--157},
  publisher = {Wiley Online Library},
}

@Article{otway2004,
  author    = {Otway, Nicholas M and Bradshaw, Corey JA and Harcourt, Robert G},
  title     = {Estimating the rate of quasi-extinction of the Australian grey nurse shark (Carcharias taurus) population using deterministic age-and stage-classified models},
  journal   = {Biological Conservation},
  year      = {2004},
  volume    = {119},
  number    = {3},
  pages     = {341--350},
  publisher = {Elsevier},
}

@Article{holmes2007,
  author    = {Holmes, Elizabeth Eli and Sabo, John L and Viscido, Steven Vincent and Fagan, William Fredric},
  title     = {A statistical approach to quasi-extinction forecasting},
  journal   = {Ecology Letters},
  year      = {2007},
  volume    = {10},
  number    = {12},
  pages     = {1182--1198},
  publisher = {Wiley Online Library},
}

@Article{hamby1994,
  author    = {Hamby, DM},
  title     = {A review of techniques for parameter sensitivity analysis of environmental models},
  journal   = {Environmental monitoring and assessment},
  year      = {1994},
  volume    = {32},
  number    = {2},
  pages     = {135--154},
  publisher = {Springer},
}

@InBook{Woodroffe2005,
  chapter   = {The impact of human-wildlife conflict on natural systems},
  pages     = {1-12},
  title     = {People and wildlife, conflict or co-existence},
  publisher = {Cambridge University Press},
  year      = {2005},
  author    = {Woodroffe, Rosie and Thirgood, Simon and Rabinowitz, Alan},
  editor    = {Woodroffe, Rosie and Thirgood, Simon and Rabinowitz, Alan},
  address   = {Cambridge, UK},
}

@Article{thouless1994,
  author    = {Thouless, Chris R},
  title     = {Conflict between humans and elephants on private land in northern Kenya},
  journal   = {Oryx},
  year      = {1994},
  volume    = {28},
  number    = {2},
  pages     = {119--127},
  publisher = {Cambridge University Press},
}

@Article{landa1999,
  author  = {Landa, A. and Gudvangen, K. and Swenson, J.E. and Røskaft, E.},
  journal = {Journal of Applied Ecology},
  title   = {Factors associated with wolverine Gulo gulo predation on domestic sheep},
  year    = {1999},
  number  = {6},
  pages   = {963-973},
  volume  = {36},
}

@Article{greer2015,
  author    = {Greer, Amanda L and Gajdon, Gyula K and Nelson, Ximena J},
  title     = {Intraspecific variation in the foraging ecology of kea, the world’s only mountain-and rainforest-dwelling parrot},
  journal   = {New Zealand Journal of Ecology},
  year      = {2015},
  volume    = {39},
  number    = {2},
  pages     = {254--261},
  publisher = {JSTOR},
}

@Book{diamond1999,
  author    = {Diamond, Judy and Bond, Alan B},
  publisher = {University of California Press},
  title     = {Kea, bird of paradox: the evolution and behavior of a New Zealand parrot},
  year      = {1999},
}

@Article{auersperg2011,
  author    = {Auersperg, Alice MI and Von Bayern, Auguste MP and Gajdon, Gyula K and Huber, Ludwig and Kacelnik, Alex},
  title     = {Flexibility in problem solving and tool use of kea and New Caledonian crows in a multi access box paradigm},
  journal   = {PLoS One},
  year      = {2011},
  volume    = {6},
  number    = {6},
  publisher = {Public Library of Science},
}

@Book{temple1996,
  title     = {Book of the kea},
  publisher = {Hodder Moa Beckett},
  year      = {1996},
  author    = {Temple, Philip},
}

@Article{orr2012,
  author    = {Orr-Walker, Tamsin and Adams, Nigel J and Roberts, Lorne G and Kemp, Joshua R and Spurr, Eric B},
  title     = {Effectiveness of the bird repellents anthraquinone and d-pulegone on an endemic New Zealand parrot, the kea (Nestor notabilis)},
  journal   = {Applied Animal Behaviour Science},
  year      = {2012},
  volume    = {137},
  number    = {1-2},
  pages     = {80--85},
  publisher = {Elsevier},
}

@Article{kemp2018,
  author    = {Kemp, Joshua R and Mosen, Corey C and Elliott, Graeme P and Hunter, Christine M},
  journal   = {New Zealand Journal of Ecology},
  title     = {Effects of the aerial application of 1080 to control pest mammals on kea reproductive success},
  year      = {2018},
  number    = {2},
  pages     = {158--168},
  volume    = {42},
  publisher = {JSTOR},
}

@TechReport{DOC2016,
  author      = {Robertson, H.A. and Baird, K. and Dowding, J.E. and Elliott, G.P. and Hitchmough, R.A. and Miskelly, C.M. and McArthur, N and O'Donnell, C.F.J. and Sagar, P.M. and Scofield P. and Taylor, G.A.},
  title       = {Conservation status of New Zealand Birds, 2016},
  institution = {Department of Conservation},
  year        = {2016},
  address     = {Wellington, New Zealand},
}

@Electronic{IUCN2020,
  author = {IUCN},
  year   = {2017},
  title  = {The IUCN Red List of Threatened Species 2017},
  url    = {https://dx.doi.org/10.2305/IUCN.UK.2017-3.RLTS.T22684831A119243358.en},
}

@Misc{elliott2004,
  author    = {Elliott, G and Kemp, J},
  title     = {Effect of hunting and predation on kea, and a method of monitoring kea populations: results of kea research on the St Arnaud Range. DOC Science Internal Series 181. Department of Conservation, Wellington, New Zealand},
  year      = {2004},
  publisher = {Department of Conservation Wellington, New Zealand},
}

@Article{gartrell2007,
  author    = {Gartrell, BD and Reid, C},
  journal   = {New Zealand Veterinary Journal},
  title     = {Death by chocolate: a fatal problem for an inquisitive wild parrot},
  year      = {2007},
  number    = {3},
  pages     = {149--151},
  volume    = {55},
  publisher = {Taylor \& Francis},
}

@Article{beissinger1998,
  author    = {Beissinger, Steven R and Westphal, Ian},
  journal   = {The Journal of wildlife management},
  title     = {On the use of demographic models of population viability in endangered species management},
  year      = {1998},
  pages     = {821--841},
  publisher = {JSTOR},
}

@InBook{Mills2002,
  author    = {Mills, LS and Lindberg, MS},
  editor    = {Beissinger, R. and McCullough, D.},
  pages     = {338-366},
  publisher = {University of Chicago Press},
  title     = {Population viability analysis},
  year      = {2002},
}

@Article{ginzburg1982,
  author    = {Ginzburg, Lev R and Slobodkin, Lawrence B and Johnson, Keith and Bindman, Andrew G},
  title     = {Quasiextinction probabilities as a measure of impact on population growth},
  journal   = {Risk Analysis},
  year      = {1982},
  volume    = {2},
  number    = {3},
  pages     = {171--181},
  publisher = {Wiley Online Library},
}

@Article{coulson2001,
  author    = {Coulson, Tim and Mace, Georgina M and Hudson, Elodie and Possingham, Hugh},
  title     = {The use and abuse of population viability analysis},
  journal   = {Trends in Ecology \& Evolution},
  year      = {2001},
  volume    = {16},
  number    = {5},
  pages     = {219--221},
  publisher = {Elsevier},
}

@Article{simpkins2018,
  author    = {Simpkins, Craig E and Lee, Finnbar and Powers, Breanna F and Anderson, Sandra and Asena, Quinn and Brock, James MR and Perry, George LW},
  title     = {Population viability analyses in New Zealand: a review},
  journal   = {New Zealand Journal of Ecology},
  year      = {2018},
  volume    = {42},
  number    = {2},
  pages     = {107--115},
  publisher = {JSTOR},
}

@Article{simpkins2015,
  author    = {Simpkins, Craig and Perry, George LW and Glaser, Andrew and Allerby, Tim and Dennis, Todd E},
  title     = {Effects of predation by introduced mammals and mortality due to severe floods on population viability of the endangered Blue Duck (Hymenolaimus malacorhynchos)},
  journal   = {Emu-Austral Ornithology},
  year      = {2015},
  volume    = {115},
  number    = {2},
  pages     = {146--157},
  publisher = {Taylor \& Francis},
}

@Article{lafever2008,
  author    = {LaFever, David H and Schmidt, Paige M and Perry, Neil D and Faulhaber, Craig A and Lopez, Roel R and Silvy, Nova J and Forys, Elizabeth A},
  title     = {Use of a population viability analysis to evaluate human-induced impacts and mitigation for the endangered Lower Keys marsh rabbit},
  journal   = {Human-Wildlife Conflicts},
  year      = {2008},
  volume    = {2},
  number    = {2},
  pages     = {260--269},
  publisher = {JSTOR},
}

@Article{goswami2014,
  author    = {Goswami, Varun R and Vasudev, Divya and Oli, Madan K},
  title     = {The importance of conflict-induced mortality for conservation planning in areas of human--elephant co-occurrence},
  journal   = {Biological Conservation},
  year      = {2014},
  volume    = {176},
  pages     = {191--198},
  publisher = {Elsevier},
}

@Article{Halloy2003,
  author    = {Stephan R. P. Halloy and Alan F. Mark},
  journal   = {Arctic, Antarctic, and Alpine Research},
  title     = {Climate Change Effects on Alpine Plant Biodiversity: A New Zealand Perspective on Quantifying the Threat},
  year      = {2003},
  number    = {2},
  pages     = {248-254},
  volume    = {35},
  doi       = {10.1657/1523-0430(2003)035[0248:CEOAPB]2.0.CO;2},
  publisher = {Taylor and Francis},
  url       = {https://www.tandfonline.com/doi/abs/10.1657/1523-0430%282003%29035%5B0248%3ACEOAPB%5D2.0.CO%3B2},
}

@Article{Keith2008,
  author  = {Keith, David A and Akçakaya, H. Resit and Thuiller, Wilfried and Midgley, Guy F and Pearson, Richard G and Phillips, Steven J and Regan, Helen M and Araújo, Miguel B and Rebelo, Tony G},
  journal = {Biology Letters},
  title   = {Predicting extinction risks under climate change: coupling stochastic population models with dynamic bioclimatic habitat models},
  year    = {2008},
  number  = {5},
  pages   = {560-563},
  volume  = {4},
}

@Article{Watson2016,
  author  = {Watson, James E M and Shanahan, Danielle F and Di Marco, Moreno and Allan, James and Laurance, William F and Sanderson, Eric W and Mackey, Brendan and Venter, Oscar},
  journal = {Curr. Biol},
  title   = {Catastrophic declines in wilderness areas undermine global environment targets},
  year    = {2016},
  pages   = {2929--2934},
  volume  = {26},
}

@Article{margalida2014,
  author    = {Margalida, Antoni and Campi\'{o}n, David and Don\'{a}zar, Jos\'{e} A.},
  journal   = {Oryx},
  title     = {Vultures vs livestock: conservation relationships in an emerging conflict between humans and wildlife},
  year      = {2014},
  number    = {2},
  pages     = {172–176},
  volume    = {48},
  publisher = {Cambridge University Press},
}

@TechReport{DOC2016,
  author      = {Robertson, H. A. and Baird, K. and Dowding, J. E. and Elliott, G. P. and Hitchmough, R. A. and Miskelly, C. A. and McArthur, N. and O’Donnell, C. F. J. and Sagar, P. M. and Scofield, R. P. and Taylor, G. A.},
  institution = {Department of Conservation},
  title       = {Conservation status of New Zealand birds 2016},
  year        = {2016},
}

@Article{seal1991,
  author  = {Seal, U. and Garland, P. and Butler, D. and Grant, A. and O'Donnell, C.},
  journal = {Workshop for kea and kaka},
  title   = {Kea-kaka population viability assessment},
  year    = {1991},
}

@Article{Basse1999,
  author  = {Basse, B. and Mclennan, J.A. and Wake, G.C.},
  journal = {Wildlife Research},
  title   = {Analysis of the impact of stoats, Mustela erminea, on northern brown kiwi, Apteryx mantelli, in New Zealand.},
  year    = {1999},
  pages   = {227--237},
  volume  = {26},
  address = {New Zealand},
}

@Article{Kretser2008,
  author  = {Heidi E. Kretser and Patrick J. Sullivan and Barbara A. Knuth},
  journal = {Landscape and Urban Planning},
  title   = {Housing density as an indicator of spatial patterns of reported human–wildlife interactions in Northern New York},
  year    = {2008},
  issn    = {0169-2046},
  number  = {3},
  pages   = {282 - 292},
  volume  = {84},
}

@Article{Russell2015,
  author  = {Russell, James C. and Innes, John G. and Brown, Philip H. and Byrom, Andrea E.},
  journal = {BioScience},
  title   = {{Predator-Free New Zealand: Conservation Country}},
  year    = {2015},
  issn    = {0006-3568},
  month   = {03},
  number  = {5},
  pages   = {520-525},
  volume  = {65},
}

@Article{Blackwell2001,
  author  = {G.L Blackwell and M.A Potter and E.O Minot},
  journal = {Ecological Modelling},
  title   = {Rodent and predator population dynamics in an eruptive system},
  year    = {2001},
  issn    = {0304-3800},
  number  = {3},
  pages   = {227 - 245},
  volume  = {142},
}

@Article{nakagawa2007,
  author  = {Nakagawa, Shinichi and Cuthill, Innes C.},
  journal = {Biological Reviews},
  title   = {Effect size, confidence interval and statistical significance: a practical guide for biologists},
  year    = {2007},
  number  = {4},
  pages   = {591-605},
  volume  = {82},
}

@Article{Fea2020,
  author  = {Fea, Nyree and Linklater, Wayne and Hartley, Stephen},
  journal = {Conservation Biology},
  title   = {Responses of New Zealand forest birds to management of introduced mammals},
  year    = {2020},
}

@Comment{jabref-meta: databaseType:bibtex;}
